%! Author = breandan
%! Date = 8/13/24

@book{keller1965inductive,
    title={Inductive inference on computer generated patterns},
    author={Keller, Mary Kenneth},
    year={1965},
    publisher={The University of Wisconsin-Madison}
}

@article{lemaitre1931beginning,
    title={The beginning of the world from the point of view of quantum theory},
    author={Lema{\^\i}tre, Georges},
    journal={Nature},
    volume={127},
    number={3210},
    pages={706--706},
    year={1931},
    publisher={Nature Publishing Group UK London}
}

@article{wittgenstein1929some,
    title={Some remarks on logical form},
    author={Wittgenstein, Ludwig},
    journal={Proceedings of the Aristotelian Society, Supplementary Volumes},
    volume={9},
    pages={162--171},
    year={1929},
    publisher={JSTOR}
}